@article{nr1,
 author = {Stamatatos, Efstathios},
 title = {A survey of modern authorship attribution methods},
 journal = {J. Am. Soc. Inf. Sci. Technol.},
 volume = {60},
 number = {3},
 year = {2009},
 issn = {1532-2882},
 pages = {538--556},
 doi = {http://dx.doi.org/10.1002/asi.v60:3},
 publisher = {John Wiley \& Sons, Inc.},
 address = {New York, NY, USA},
 }

@MISC{nr2,
    author = {Vlado Keselj and Fuchun Peng and Nick Cercone and Calvin Thomas},
    title = {N-gram-based author profiles for authorship attribution},
    year = {2003}
}

@inproceedings{nr3,
  author    = {John Houvardas and
               Efstathios Stamatatos},
  title     = {N-Gram Feature Selection for Authorship Identification},
  booktitle = {AIMSA},
  year      = {2006},
  pages     = {77-86},
  ee        = {http://dx.doi.org/10.1007/11861461_10},
  crossref  = {DBLP:conf/aimsa/2006},
  bibsource = {DBLP, http://dblp.uni-trier.de}
}

@inproceedings{nr4,
 author = {Peng, Fuchun and Schuurmans, Dale and Wang, Shaojun and Keselj, Vlado},
 title = {Language independent authorship attribution using character level language models},
 booktitle = {EACL '03: Proceedings of the tenth conference on European chapter of the Association for Computational Linguistics},
 year = {2003},
 isbn = {1-333-56789-0},
 pages = {267--274},
 location = {Budapest, Hungary},
 doi = {http://dx.doi.org/10.3115/1067807.1067843},
 publisher = {Association for Computational Linguistics},
 address = {Morristown, NJ, USA},
 }

@article{style,
 author = {Argamon, Shlomo and Whitelaw, Casey and Chase, Paul and Hota, Sobhan Raj and Garg, Navendu and Levitan, Shlomo},
 title = {Stylistic text classification using functional lexical features: Research Articles},
 journal = {J. Am. Soc. Inf. Sci. Technol.},
 volume = {58},
 number = {6},
 year = {2007},
 issn = {1532-2882},
 pages = {802--822},
 doi = {http://dx.doi.org/10.1002/asi.v58:6},
 publisher = {John Wiley \& Sons, Inc.},
 address = {New York, NY, USA},
 }

@INPROCEEDINGS{syntactic,
    author = {E. Stamatatos and N. Fakotakis and G. Kokkinakis},
    title = {Computer-based Authorship Attribution without Lexical Measures},
    booktitle = {Computers and the Humanities},
    year = {2001},
    pages = {193--214}
}

@article{App-spe,
 author = {Zheng, Rong and Li, Jiexun and Chen, Hsinchun and Huang, Zan},
 title = {A framework for authorship identification of online messages: Writing-style features and classification techniques},
 journal = {J. Am. Soc. Inf. Sci. Technol.},
 volume = {57},
 number = {3},
 year = {2006},
 issn = {1532-2882},
 pages = {378--393},
 doi = {http://dx.doi.org/10.1002/asi.v57:3},
 publisher = {John Wiley \& Sons, Inc.},
 address = {New York, NY, USA},
 }

@MISC{federalist,
author = {James Madison},
year = {1788},
title={Method of Guarding Against the Encroachments of Any One Departmentof Government by Appealing},
volume={49},
journal = {"The Federalist Papers"},
doi= {http://www.foundingfathers.info/federalistpapers/fedindex.htm the 14th of May, 2009},
note={- I have choosen to attribute the text to James Madison since this is what the most other papers I have read does [citation needed].}
}